<collection xmlns="http://www.loc.gov/MARC21/slim">
   <record>
      <leader>02433cam a2200457 i 4500</leader>
      <controlfield tag="001">6810989</controlfield>
      <controlfield tag="003">OCoLC</controlfield>
      <controlfield tag="005">20150311142431.0</controlfield>
      <controlfield tag="008">141120t20152015mdu      b    001 0 eng  </controlfield>
      <datafield ind1=" " ind2=" " tag="010">
         <subfield code="a">  2014041402</subfield>
      </datafield>
      <datafield ind1=" " ind2=" " tag="020">
         <subfield code="a">9781498506793</subfield>
         <subfield code="q">cloth</subfield>
         <subfield code="q">alk. paper</subfield>
      </datafield>
      <datafield ind1=" " ind2=" " tag="020">
         <subfield code="a">1498506798</subfield>
         <subfield code="q">cloth</subfield>
         <subfield code="q">alk. paper</subfield>
      </datafield>
      <datafield ind1=" " ind2=" " tag="020">
         <subfield code="z">9781498506809</subfield>
         <subfield code="q">electronic</subfield>
      </datafield>
      <datafield ind1=" " ind2=" " tag="035">
         <subfield code="a">ocn892878815</subfield>
      </datafield>
      <datafield ind1=" " ind2=" " tag="039">
         <subfield code="a">exclude</subfield>
      </datafield>
      <datafield ind1=" " ind2=" " tag="040">
         <subfield code="a">DLC</subfield>
         <subfield code="e">rda</subfield>
         <subfield code="b">eng</subfield>
         <subfield code="c">DLC</subfield>
         <subfield code="d">YDX</subfield>
         <subfield code="d">YDXCP</subfield>
         <subfield code="d">BTCTA</subfield>
         <subfield code="d">BDX</subfield>
         <subfield code="d">OCLCO</subfield>
         <subfield code="d">CDX</subfield>
         <subfield code="d">AEU</subfield>
      </datafield>
      <datafield ind1=" " ind2=" " tag="042">
         <subfield code="a">pcc</subfield>
      </datafield>
      <datafield ind1=" " ind2=" " tag="043">
         <subfield code="a">n-us---</subfield>
      </datafield>
      <datafield ind1="0" ind2="0" tag="050">
         <subfield code="a">E841</subfield>
         <subfield code="b">.F46 2015</subfield>
      </datafield>
      <datafield ind1="0" ind2="0" tag="082">
         <subfield code="a">327.73009/04</subfield>
         <subfield code="2">23</subfield>
      </datafield>
      <datafield ind1=" " ind2=" " tag="090">
         <subfield code="a">E841 .F46 2015</subfield>
         <subfield code="b">AEGMCT</subfield>
      </datafield>
      <datafield ind1=" " ind2=" " tag="090">
         <subfield code="a">E 841 F46 2015</subfield>
         <subfield code="b">AEU</subfield>
      </datafield>
      <datafield ind1="1" ind2=" " tag="100">
         <subfield code="a">Filipink, Richard M.,</subfield>
         <subfield code="c">Jr.,</subfield>
         <subfield code="e">author.</subfield>
         <subfield code="0">http://id.loc.gov/authorities/names/n2014072242</subfield>
      </datafield>
      <datafield ind1="1" ind2="0" tag="245">
         <subfield code="a">Dwight Eisenhower and American foreign policy during the 1960s :</subfield>
         <subfield code="b">an American lion in winter /</subfield>
         <subfield code="c">Richard M. Filipink Jr.</subfield>
      </datafield>
      <datafield ind1=" " ind2="1" tag="264">
         <subfield code="a">Lanham ;</subfield>
         <subfield code="a">Boulder ;</subfield>
         <subfield code="a">New York ;</subfield>
         <subfield code="a">London :</subfield>
         <subfield code="b">Lexington Books,</subfield>
         <subfield code="c">[2015]</subfield>
      </datafield>
      <datafield ind1=" " ind2="4" tag="264">
         <subfield code="c">©2015</subfield>
      </datafield>
      <datafield ind1=" " ind2=" " tag="300">
         <subfield code="a">xiii, 133 pages ;</subfield>
         <subfield code="c">24 cm</subfield>
      </datafield>
      <datafield ind1=" " ind2=" " tag="336">
         <subfield code="a">text</subfield>
         <subfield code="b">txt</subfield>
         <subfield code="2">rdacontent</subfield>
         <subfield code="0">http://id.loc.gov/vocabulary/contentTypes/txt</subfield>
      </datafield>
      <datafield ind1=" " ind2=" " tag="337">
         <subfield code="a">unmediated</subfield>
         <subfield code="b">n</subfield>
         <subfield code="2">rdamedia</subfield>
         <subfield code="0">http://id.loc.gov/vocabulary/mediaTypes/n</subfield>
      </datafield>
      <datafield ind1=" " ind2=" " tag="338">
         <subfield code="a">volume</subfield>
         <subfield code="b">nc</subfield>
         <subfield code="2">rdacarrier</subfield>
         <subfield code="0">http://id.loc.gov/vocabulary/carriers/nc</subfield>
      </datafield>
      <datafield ind1=" " ind2=" " tag="504">
         <subfield code="a">Includes bibliographical references (pages 119-128) and index.</subfield>
      </datafield>
      <datafield ind1="0" ind2=" " tag="505">
         <subfield code="a">Eisenhower administration foreign policy: an overview -- Kennedy and Eisenhower: uneasy beginnings -- The crisis years: 1961-1963 -- Transition and reelection: LBJ and Eisenhower 1963-1964 -- Johnson, Eisenhower, and Vietnam 1965 -- Mutual decline: LBJ &amp; Ike 1966-1968 -- Conclusion.</subfield>
      </datafield>
      <datafield ind1=" " ind2=" " tag="596">
         <subfield code="a">16 29</subfield>
      </datafield>
      <datafield ind1="1" ind2="0" tag="600">
         <subfield code="a">Eisenhower, Dwight D.</subfield>
         <subfield code="q">(Dwight David),</subfield>
         <subfield code="d">1890-1969</subfield>
         <subfield code="x">Influence.</subfield>
         <subfield code="0">http://id.loc.gov/authorities/names/n79066408</subfield>
      </datafield>
      <datafield ind1=" " ind2="0" tag="651">
         <subfield code="a">United States</subfield>
         <subfield code="x">Foreign relations</subfield>
         <subfield code="y">1961-1963.</subfield>
         <subfield code="0">http://id.loc.gov/authorities/subjects/sh85140100</subfield>
      </datafield>
      <datafield ind1=" " ind2="0" tag="651">
         <subfield code="a">United States</subfield>
         <subfield code="x">Foreign relations</subfield>
         <subfield code="y">1963-1969.</subfield>
         <subfield code="0">http://id.loc.gov/authorities/subjects/sh85140101</subfield>
      </datafield>
      <datafield ind1=" " ind2=" " tag="758">
         <subfield code="0">http://worldcat.org/entity/work/id/254583563</subfield>
      </datafield>
      <datafield ind1="0" ind2=" " tag="787">
         <subfield code="n">OCLC Work Id</subfield>
         <subfield code="o">http://worldcat.org/entity/work/id/254583563</subfield>
      </datafield>
      <datafield ind1=" " ind2=" " tag="949">
         <subfield code="a">E841 .F46 2015</subfield>
         <subfield code="h">GMCT-OS-B</subfield>
         <subfield code="i">1007404872</subfield>
         <subfield code="p">97.80</subfield>
         <subfield code="k">AVAIL_SOON</subfield>
      </datafield>
      <datafield ind1=" " ind2=" " tag="926">
         <subfield code="a">E841 .F46 2015</subfield>
         <subfield code="w">LC</subfield>
         <subfield code="c">1</subfield>
         <subfield code="i">1007404872</subfield>
         <subfield code="d">4/2/2015</subfield>
         <subfield code="l">ON_SHELF</subfield>
         <subfield code="m">GR_MACEWAN</subfield>
         <subfield code="p">$97.80</subfield>
         <subfield code="r">Y</subfield>
         <subfield code="s">Y</subfield>
         <subfield code="t">BOOK</subfield>
         <subfield code="u">3/18/2015</subfield>
      </datafield>
      <datafield ind1=" " ind2=" " tag="926">
         <subfield code="a">E 841 F46 2015</subfield>
         <subfield code="w">LC</subfield>
         <subfield code="c">1</subfield>
         <subfield code="i">0162035268463</subfield>
         <subfield code="l">ON_SHELF</subfield>
         <subfield code="m">UAAUG</subfield>
         <subfield code="p">$150.00</subfield>
         <subfield code="r">Y</subfield>
         <subfield code="s">Y</subfield>
         <subfield code="t">BOOK</subfield>
         <subfield code="u">4/1/2015</subfield>
      </datafield>
   </record>
</collection>
